<?xml version="1.0" encoding="UTF-8"?><collection xmlns="http://www.loc.gov/MARC21/slim"><record><leader>00478nam--2200193-i-4500</leader><controlfield tag="001">000020859</controlfield><controlfield tag="002">20161230</controlfield><controlfield tag="005">20161230201033</controlfield><controlfield tag="008">060222s1000------------r-----000-0-rus-d</controlfield><datafield ind1=" " ind2=" " tag="040"><subfield code="a">IFIN-HH</subfield></datafield><datafield ind1=" " ind2=" " tag="041"><subfield code="a">rus</subfield></datafield><datafield ind1=" " ind2=" " tag="080"><subfield code="a">53(061.3)</subfield></datafield><datafield ind1="1" ind2=" " tag="100"><subfield code="a">Tarasov,L.V</subfield></datafield><datafield ind1="1" ind2="0" tag="245"><subfield code="a">Voprosi i zadaci po fizike</subfield><subfield code="c">L.v. tarasov, a.n. tarasova</subfield></datafield><datafield ind1=" " ind2=" " tag="260"><subfield code="a">Moskva</subfield><subfield code="b">Vissaia Skola</subfield><subfield code="c">1975</subfield></datafield><datafield ind1=" " ind2=" " tag="300"><subfield code="a">253P</subfield></datafield><datafield ind1="1" ind2=" " tag="700"><subfield code="a">Tarasova, A.N</subfield></datafield><datafield ind1=" " ind2=" " tag="852"><subfield code="a">80665</subfield><subfield code="c">53</subfield></datafield><datafield ind1=" " ind2=" " tag="CAT"><subfield code="a">Sys</subfield><subfield code="c">20151009</subfield><subfield code="h">125824</subfield></datafield></record></collection>